@misc{Overleaf, 
title= {Bibliography management in LaTeX}, author={Overleaf},howpublished={\url{https://www.overleaf.com/learn/latex/Bibliography_management_in_LaTeX}},note={An Overlead guide to include a bibliography in LaTeX.}}

%An example of what a bibtex reference should look like
@article{einstein,
    author = "Albert Einstein",
    title = "{Zur Elektrodynamik bewegter K{\"o}rper}. ({German})
    [{On} the electrodynamics of moving bodies]",
    journal = "Annalen der Physik",
    volume = "322",
    number = "10",
    pages = "891--921",
    year = "1905",
    DOI = "http://dx.doi.org/10.1002/andp.19053221004",
    keywords = "physics"
}